@misc{choose-a-license,
  title = "Choose a License",
  author = "ChooseALicense.com",
  year = "2023",
  url = "https://choosealicense.com/licenses/",
  note = "[Online; Accedido 15-junio-2023]"
}