@book{koza92,
		author    = "Koza, John R.",
		title     = "Genetic Programming: On the Programming of Computers by Means of Natural Selection",
		publisher = "MIT Press",
		year      = "1992"
}


@misc{ wiki:latex,
       author = "Wikipedia",
       title = "LaTeX --- Wikipedia{,} La enciclopedia libre",
       year = "2015",
       url = "https://es.wikipedia.org/w/index.php?title=LaTeX&oldid=84209252",
       note = "[Internet; descargado 30-septiembre-2015]"
}

@misc{oms-diabetes,
            author    = "Organización Mundial de la Salud",
            title     = "Diabetes",
            year      = "2022",
            url       = "https://www.who.int/es/news-room/fact-sheets/detail/diabetes",
            note      = "[Online; Accedido 18-febrero-2023]"

}

@misc{oms-ceguera,
            author    = "Organización Mundial de la Salud",
            title     = "Ceguera y discapacidad visual",
            year      = "2022",
            url       = "https://www.who.int/es/news-room/fact-sheets/detail/blindness-and-visual-impairment",
            note      = "[Online; Accedido 10-febrero-2023]"

}
@article{grados-retinopatia,
  title={The Four stages of diabetic retinopathy},
  author={OD,FAAO, Cecelia Koetting},
  journal={Modern Optometry},
  year={2019},
  publisher={Modern Optometry}
}
@misc{enfermedad-ocular-diabetica,
            author = "David Turbert",
            title = "La enfermedad ocular diabética",
            year = "2022",
            url = "https://www.aao.org/salud-ocular/enfermedades/la-enfermedad-ocular-diabetica",
            note = "[Online; Accedido 20-mayo-2023]"
}
@misc{tensorflowliteConverter,
	author = "TensorFlow",
	title = "TFLiteConverter TensorFlow Lite API",
        year      = "2022",
	url = "https://www.tensorflow.org/lite/api_docs/python/tf/lite/TFLiteConverter",
	note = "[Online; Accedido 27-mayo-2023]"
}
@misc{tensorflowVGG16,
        author = "TensorFlow",
        title = "VGG16",
        year = "2023",
        url = "https://www.tensorflow.org/api_docs/python/tf/keras/applications/vgg16/VGG16",
        note = "[Online; Accedido 27-mayo-2023]"
}

@misc{tensorflowResNet50V2,
        author = "TensorFlow",
        title = "ResNet50V2",
        year = "2023",
        url = "https://www.tensorflow.org/api_docs/python/tf/keras/applications/resnet_v2/ResNet50V2",
        note = "[Online; Accedido 27-mayo-2023]"
}


@misc{definicion_CNN,
        author = "Google",
        title = "Convolutional neural network",
        year = "2023",
        url = "https://developers.google.com/machine-learning/glossary?hl=es-419#convolutional-neural-network",
        note = "[Online; Accedido 24-mayo-2023]"
}
@misc{definicionConvolucional_layer,
        author = "Google",
        title = "Convolutional layer",
        year = "2023",
        url = "https://developers.google.com/machine-learning/glossary?hl=es-419#convolutional_layer",
        note = "[Online; Accedido 24-mayo-2023]"
}
@misc{definicionConvolutional_Operation,
        author = "Google",
        title = "Convolutional operation",
        year = "2023",
        url = "https://developers.google.com/machine-learning/glossary?hl=es-419#convolutional_operation",
        note = "[Online; Accedido 24-mayo-2023]"
}
@misc{definicion_pooling,
        author = "Google",
        title = "Pooling",
        year = "2023",
        url = "https://developers.google.com/machine-learning/glossary?hl=es-419#pooling",
        note = "[Online; Accedido 24-mayo-2023]"
}

@misc{definicion_fully_connected_layer,
        author = "Google",
        title = "fully connected layer",
        year = "2023",
        url = "https://developers.google.com/machine-learning/glossary?hl=es-419#fully_connected_layer",
        note = "[Online; Accedido 24-mayo-2023]"
}

